%% This BibTeX bibliography file was created using BibDesk.
%% https://bibdesk.sourceforge.io/

%% Created for Fcdw3504 at 2023-01-27 21:55:31 +0100 


%% Saved with string encoding Unicode (UTF-8) 



@inproceedings{wang2009ovm,
	author = {Ju An Wang and Minzhe Guo},
	booktitle = {Cyber Security and Information Intelligence Research Workshop},
	date-added = {2023-01-27 21:53:26 +0100},
	date-modified = {2023-01-27 21:55:18 +0100},
	keywords = {VULNERABILITES},
	rating = {3},
	read = {1},
	title = {OVM: an ontology for vulnerability management},
	year = {2009}}

@inproceedings{dutta2019cyber,
	author = {Dutta, Ashutosh and Al-Shaer, Ehab},
	booktitle = {Proceedings of the 6th Annual Symposium on Hot Topics in the Science of Security},
	organization = {ACM},
	pages = {14},
	title = {Cyber defense matrix: a new model for optimal composition of cybersecurity controls to construct resilient risk mitigation},
	year = {2019}}

@article{ten2008vulnerability,
	author = {Ten, Chee-Wooi and Liu, Chen-Ching and Manimaran, Govindarasu},
	date-added = {2019-09-25 10:11:46 +0200},
	date-modified = {2019-09-25 10:12:07 +0200},
	journal = {IEEE Transactions on Power Systems},
	keywords = {VULNERABILITES},
	number = {4},
	pages = {1836--1846},
	publisher = {IEEE},
	title = {Vulnerability assessment of cybersecurity for SCADA systems},
	volume = {23},
	year = {2008}}

@article{shen2014nist,
	author = {Shen, Lei},
	date-added = {2019-09-25 10:09:39 +0200},
	date-modified = {2019-09-25 10:10:15 +0200},
	journal = {Scitech Lawyer},
	keywords = {FRAMEWORK},
	number = {4},
	pages = {16},
	publisher = {American Bar Association},
	title = {The NIST cybersecurity framework: Overview and potential impacts},
	volume = {10},
	year = {2014}}

@article{chuvakin2010complete,
	author = {Chuvakin, Anton},
	date-added = {2019-01-21 12:57:40 +0100},
	date-modified = {2019-01-21 12:57:55 +0100},
	journal = {White Paper},
	keywords = {LOG MANAGEMENT},
	title = {The complete guide to log and event management},
	year = {2010}}

@inproceedings{madani2011log,
	author = {Madani, Afsaneh and Rezayi, Saed and Gharaee, Hossein},
	booktitle = {Computational Aspects of Social Networks (CASoN), 2011 International Conference On},
	date-added = {2019-01-21 12:55:58 +0100},
	date-modified = {2019-01-21 12:57:35 +0100},
	keywords = {LOG MANAGEMENT},
	organization = {IEEE},
	pages = {284--289},
	title = {Log management comprehensive architecture in Security Operation Center (SOC)},
	year = {2011}}

@book{chuvakin2012logging,
	author = {Chuvakin, Anton and Schmidt, Kevin and Phillips, Chris},
	date-added = {2019-01-21 12:38:10 +0100},
	date-modified = {2019-01-21 12:38:48 +0100},
	keywords = {LOG MANAGEMENT},
	publisher = {Newnes},
	title = {Logging and log management: the authoritative guide to understanding the concepts surrounding logging and log management},
	year = {2012}}

@inproceedings{lee2011multi,
	author = {Lee, Jun-Ho and Park, Min-Woo and Eom, Jung-Ho and Chung, Tai-Myoung},
	booktitle = {Advanced Communication Technology (ICACT), 2011 13th International Conference on},
	date-added = {2019-01-21 12:36:30 +0100},
	date-modified = {2019-01-21 12:38:56 +0100},
	keywords = {LOG MANAGEMENT},
	organization = {IEEE},
	pages = {552--555},
	title = {Multi-level intrusion detection system and log management in cloud computing},
	year = {2011}}

@article{kent2006guide,
	author = {Kent, Karen and Souppaya, Murugiah},
	date-added = {2019-01-21 12:35:06 +0100},
	date-modified = {2019-01-21 12:38:40 +0100},
	journal = {NIST special publication},
	keywords = {LOG MANAGEMENT},
	title = {Guide to computer security log management},
	volume = {92},
	year = {2006},
	bdsk-file-1 = {YnBsaXN0MDDSAQIDBFxyZWxhdGl2ZVBhdGhZYWxpYXNEYXRhXxBPLi4vLi4vLi4vLi4vLi4vRGVza3RvcC9yZWFkaW5ncy9HT1ZQVUItQzEzLTUyYzNiNTUyMDM5MzU5OGIxODc4MmE3YjU1ZmRlN2U2LnBkZk8RAeIAAAAAAeIAAgAADE1hY2ludG9zaCBIRAAAAAAAAAAAAAAAAAAAAAAAAABCRAAB/////x9HT1ZQVUItQzEzLTUyYzNiNTUjRkZGRkZGRkYucGRmAAAAAAAAAAAAAAAAAAAAAAAAAAAAAAAAAAAAAAAAAAD/////AAAAAAAAAAAAAAAAAAUAAwAACiBjdQAAAAAAAAAAAAAAAAAIcmVhZGluZ3MAAgBTLzpVc2VyczplcmljZHVwdWlzOkRlc2t0b3A6cmVhZGluZ3M6R09WUFVCLUMxMy01MmMzYjU1MjAzOTM1OThiMTg3ODJhN2I1NWZkZTdlNi5wZGYAAA4AYAAvAEcATwBWAFAAVQBCAC0AQwAxADMALQA1ADIAYwAzAGIANQA1ADIAMAAzADkAMwA1ADkAOABiADEAOAA3ADgAMgBhADcAYgA1ADUAZgBkAGUANwBlADYALgBwAGQAZgAPABoADABNAGEAYwBpAG4AdABvAHMAaAAgAEgARAASAFFVc2Vycy9lcmljZHVwdWlzL0Rlc2t0b3AvcmVhZGluZ3MvR09WUFVCLUMxMy01MmMzYjU1MjAzOTM1OThiMTg3ODJhN2I1NWZkZTdlNi5wZGYAABMAAS8AABUAAgAR//8AAAAIAA0AGgAkAHYAAAAAAAACAQAAAAAAAAAFAAAAAAAAAAAAAAAAAAACXA==}}

@article{schneier1999attack,
	author = {Schneier, Bruce},
	journal = {Dr. Dobb's journal},
	number = {12},
	pages = {21--29},
	title = {Attack trees},
	volume = {24},
	year = {1999}}

@article{sch13,
	author = {Schneider, Fred B},
	date-added = {2018-11-03 22:27:23 +0100},
	date-modified = {2018-11-04 18:06:33 +0100},
	journal = {IEEE Security \& Privacy},
	number = {4},
	pages = {3--4},
	publisher = {IEEE},
	rating = {4},
	read = {0},
	title = {Cybersecurity education in universities},
	volume = {11},
	year = {2013}}

@book{ventre2011cyberattaque,
	author = {Ventre, Daniel},
	date-added = {2018-10-31 21:03:35 +0100},
	date-modified = {2018-10-31 21:03:35 +0100},
	publisher = {Lavoisier},
	title = {Cyberattaque et cyberd{\'e}fense},
	year = {2011}}

@article{barim2017developper,
	author = {Barim, Sofia},
	date-added = {2018-10-31 20:56:51 +0100},
	date-modified = {2018-10-31 20:56:51 +0100},
	journal = {I2D--Information, donn{\'e}es \& documents},
	number = {3},
	pages = {49--50},
	publisher = {ADBS},
	title = {D{\'e}velopper la culture s{\'e}curit{\'e} de l'information num{\'e}rique de son organisation},
	volume = {55},
	year = {2017}}

@article{gaumer2017cyber,
	author = {Gaumer, Quentin},
	date-added = {2018-10-31 19:52:06 +0100},
	date-modified = {2018-10-31 19:52:06 +0100},
	journal = {I2D--Information, donn{\'e}es \& documents},
	number = {3},
	pages = {32--33},
	publisher = {ADBS},
	title = {Cybers{\'e}curit{\'e} dans un contexte d'intelligence {\'e}conomique},
	volume = {55},
	year = {2017}}
