%% This BibTeX bibliography file was created using BibDesk.
%% https://bibdesk.sourceforge.io/

%% Created for Eric DUPUIS at 2019-09-25 10:13:56 +0200 

%% Saved with string encoding Unicode (UTF-8) 



@article{ten2008vulnerability,
	Author = {Ten, Chee-Wooi and Liu, Chen-Ching and Manimaran, Govindarasu},
	Date-Added = {2019-09-25 10:11:46 +0200},
	Date-Modified = {2019-09-25 10:12:07 +0200},
	Journal = {IEEE Transactions on Power Systems},
	Keywords = {VULNERABILITES},
	Number = {4},
	Pages = {1836--1846},
	Publisher = {IEEE},
	Title = {Vulnerability assessment of cybersecurity for SCADA systems},
	Volume = {23},
	Year = {2008}}

@article{shen2014nist,
	Author = {Shen, Lei},
	Date-Added = {2019-09-25 10:09:39 +0200},
	Date-Modified = {2019-09-25 10:10:15 +0200},
	Journal = {Scitech Lawyer},
	Keywords = {FRAMEWORK},
	Number = {4},
	Pages = {16},
	Publisher = {American Bar Association},
	Title = {The NIST cybersecurity framework: Overview and potential impacts},
	Volume = {10},
	Year = {2014}}

@article{chuvakin2010complete,
	Author = {Chuvakin, Anton},
	Date-Added = {2019-01-21 12:57:40 +0100},
	Date-Modified = {2019-01-21 12:57:55 +0100},
	Journal = {White Paper},
	Keywords = {LOG MANAGEMENT},
	Title = {The complete guide to log and event management},
	Year = {2010}}

@inproceedings{madani2011log,
	Author = {Madani, Afsaneh and Rezayi, Saed and Gharaee, Hossein},
	Booktitle = {Computational Aspects of Social Networks (CASoN), 2011 International Conference On},
	Date-Added = {2019-01-21 12:55:58 +0100},
	Date-Modified = {2019-01-21 12:57:35 +0100},
	Keywords = {LOG MANAGEMENT},
	Organization = {IEEE},
	Pages = {284--289},
	Title = {Log management comprehensive architecture in Security Operation Center (SOC)},
	Year = {2011}}

@book{chuvakin2012logging,
	Author = {Chuvakin, Anton and Schmidt, Kevin and Phillips, Chris},
	Date-Added = {2019-01-21 12:38:10 +0100},
	Date-Modified = {2019-01-21 12:38:48 +0100},
	Keywords = {LOG MANAGEMENT},
	Publisher = {Newnes},
	Title = {Logging and log management: the authoritative guide to understanding the concepts surrounding logging and log management},
	Year = {2012}}

@inproceedings{lee2011multi,
	Author = {Lee, Jun-Ho and Park, Min-Woo and Eom, Jung-Ho and Chung, Tai-Myoung},
	Booktitle = {Advanced Communication Technology (ICACT), 2011 13th International Conference on},
	Date-Added = {2019-01-21 12:36:30 +0100},
	Date-Modified = {2019-01-21 12:38:56 +0100},
	Keywords = {LOG MANAGEMENT},
	Organization = {IEEE},
	Pages = {552--555},
	Title = {Multi-level intrusion detection system and log management in cloud computing},
	Year = {2011}}

@article{kent2006guide,
	Author = {Kent, Karen and Souppaya, Murugiah},
	Date-Added = {2019-01-21 12:35:06 +0100},
	Date-Modified = {2019-01-21 12:38:40 +0100},
	Journal = {NIST special publication},
	Keywords = {LOG MANAGEMENT},
	Title = {Guide to computer security log management},
	Volume = {92},
	Year = {2006},
	Bdsk-File-1 = {YnBsaXN0MDDSAQIDBFxyZWxhdGl2ZVBhdGhZYWxpYXNEYXRhXxBPLi4vLi4vLi4vLi4vLi4vRGVza3RvcC9yZWFkaW5ncy9HT1ZQVUItQzEzLTUyYzNiNTUyMDM5MzU5OGIxODc4MmE3YjU1ZmRlN2U2LnBkZk8RAeIAAAAAAeIAAgAADE1hY2ludG9zaCBIRAAAAAAAAAAAAAAAAAAAAAAAAABCRAAB/////x9HT1ZQVUItQzEzLTUyYzNiNTUjRkZGRkZGRkYucGRmAAAAAAAAAAAAAAAAAAAAAAAAAAAAAAAAAAAAAAAAAAD/////AAAAAAAAAAAAAAAAAAUAAwAACiBjdQAAAAAAAAAAAAAAAAAIcmVhZGluZ3MAAgBTLzpVc2VyczplcmljZHVwdWlzOkRlc2t0b3A6cmVhZGluZ3M6R09WUFVCLUMxMy01MmMzYjU1MjAzOTM1OThiMTg3ODJhN2I1NWZkZTdlNi5wZGYAAA4AYAAvAEcATwBWAFAAVQBCAC0AQwAxADMALQA1ADIAYwAzAGIANQA1ADIAMAAzADkAMwA1ADkAOABiADEAOAA3ADgAMgBhADcAYgA1ADUAZgBkAGUANwBlADYALgBwAGQAZgAPABoADABNAGEAYwBpAG4AdABvAHMAaAAgAEgARAASAFFVc2Vycy9lcmljZHVwdWlzL0Rlc2t0b3AvcmVhZGluZ3MvR09WUFVCLUMxMy01MmMzYjU1MjAzOTM1OThiMTg3ODJhN2I1NWZkZTdlNi5wZGYAABMAAS8AABUAAgAR//8AAAAIAA0AGgAkAHYAAAAAAAACAQAAAAAAAAAFAAAAAAAAAAAAAAAAAAACXA==}}

@article{schneier1999attack,
	Author = {Schneier, Bruce},
	Journal = {Dr. Dobb's journal},
	Number = {12},
	Pages = {21--29},
	Title = {Attack trees},
	Volume = {24},
	Year = {1999}}

@article{sch13,
	Author = {Schneider, Fred B},
	Date-Added = {2018-11-03 22:27:23 +0100},
	Date-Modified = {2018-11-04 18:06:33 +0100},
	Journal = {IEEE Security \& Privacy},
	Number = {4},
	Pages = {3--4},
	Publisher = {IEEE},
	Rating = {4},
	Read = {0},
	Title = {Cybersecurity education in universities},
	Volume = {11},
	Year = {2013}}

@book{ventre2011cyberattaque,
	Author = {Ventre, Daniel},
	Date-Added = {2018-10-31 21:03:35 +0100},
	Date-Modified = {2018-10-31 21:03:35 +0100},
	Publisher = {Lavoisier},
	Title = {Cyberattaque et cyberd{\'e}fense},
	Year = {2011}}

@article{barim2017developper,
	Author = {Barim, Sofia},
	Date-Added = {2018-10-31 20:56:51 +0100},
	Date-Modified = {2018-10-31 20:56:51 +0100},
	Journal = {I2D--Information, donn{\'e}es \& documents},
	Number = {3},
	Pages = {49--50},
	Publisher = {ADBS},
	Title = {D{\'e}velopper la culture s{\'e}curit{\'e} de l'information num{\'e}rique de son organisation},
	Volume = {55},
	Year = {2017}}

@article{gaumer2017cybersecurite,
	Author = {Gaumer, Quentin},
	Date-Added = {2018-10-31 19:52:06 +0100},
	Date-Modified = {2018-10-31 19:52:06 +0100},
	Journal = {I2D--Information, donn{\'e}es \& documents},
	Number = {3},
	Pages = {32--33},
	Publisher = {ADBS},
	Title = {Cybers{\'e}curit{\'e} dans un contexte d'intelligence {\'e}conomique},
	Volume = {55},
	Year = {2017}}
